%%==================================================
%% chap1.bib for BIT Master Thesis
%% modified by yang yating
%% version: 0.1
%% last update: Dec 25th, 2016
%%==================================================


@article{ZHANG201929,
title = "A packet-reordering covert channel over VoLTE voice and video traffics",
journal = "Journal of Network and Computer Applications",
volume = "126",
pages = "29 - 38",
year = "2019",
month = "Nov.",
issn = "1084-8045",
doi = "https://doi.org/10.1016/j.jnca.2018.11.001",
author = "Xiaosong Zhang and Liehuang Zhu and Xianmin Wang and Changyou Zhang and Hongfei Zhu and Yuan Tan",
keywords = "Covert timing channel, Packet reordering, VoLTE, Gray code",
}

@article{ZHANG201866,
title = "Building covert timing channels by packet rearrangement over mobile networks",
journal = "Information Sciences",
volume = "445-446",
pages = "66 - 78",
year = "2018",
month = "Mar.",
issn = "0020-0255",
doi = "https://doi.org/10.1016/j.ins.2018.03.007",
author = "Xiaosong Zhang and Chen Liang and Quanxin Zhang and Yuanzhang Li and Jun Zheng and Yuan Tan",
keywords = "Covert timing channel, VoLTE, Packet rearrangement, RTCP, Gray code",
}

@ARTICLE{8492406, 
author={X. {Fu} and R. {Yang} and X. {Du} and B. {Luo} and M. {Guizani}}, 
journal={IEEE Access}, 
title={Timing Channel in IaaS: How to Identify and Investigate}, 
year={2019}, 
volume={7}, 
number={}, 
pages={1-11}, 
keywords={Timing;Cloud computing;Security;Forensics;Monitoring;Receivers;Virtual machine monitors;Digital investigation;IaaS security;timing channel}, 
doi={10.1109/ACCESS.2018.2876146}, 
ISSN={2169-3536}, 
month={Oct.},}

@inproceedings{Cabuk:2004:ICT:1030083.1030108,
 author = {Cabuk, Serdar and Brodley, Carla E. and Shields, Clay},
 title = {IP Covert Timing Channels: Design and Detection},
 booktitle = {Proceedings of the 11th ACM Conference on Computer and Communications Security},
 series = {CCS '04},
 year = {2004},
 month = {Oct.},
 isbn = {1-58113-961-6},
 location = {Washington DC, USA},
 pages = {178--187},
 numpages = {10},
 doi = {10.1145/1030083.1030108},
 acmid = {1030108},
 publisher = {ACM},
 address = {New York, NY, USA},
 keywords = {TCP/IP, covert timing channels, detection, network covert channels},
} 

@InProceedings{10.1007/978-3-540-87403-4_12,
author="Gianvecchio, Steven
and Wang, Haining
and Wijesekera, Duminda
and Jajodia, Sushil",
editor="Lippmann, Richard
and Kirda, Engin
and Trachtenberg, Ari",
title="Model-Based Covert Timing Channels: Automated Modeling and Evasion",
booktitle="Recent Advances in Intrusion Detection",
year="2008",
month="",
publisher="Springer Berlin Heidelberg",
address="Berlin, Heidelberg",
pages="211--230",
isbn="978-3-540-87403-4"
}

@ARTICLE{5590253, 
author={S. {Gianvecchio} and H. {Wang}}, 
journal={IEEE Transactions on Dependable and Secure Computing}, 
title={An Entropy-Based Approach to Detecting Covert Timing Channels}, 
year={2011}, 
volume={8}, 
number={6}, 
pages={785-797}, 
keywords={computer network security;entropy;Internet;telecommunication traffic;covert timing channel detection;Internet;network traffic;computer network security;entropy-based detection;Entropy;Network security;Distribution functions;Watermarking;Random variables;Timing;Network security;covert timing channels;entropy-based detection.}, 
doi={10.1109/TDSC.2010.46}, 
ISSN={1545-5971}, 
month={Nov.},}

@inproceedings{Li:2015:IVS:2810103.2813618,
 author = {Li, Chi-Yu and Tu, Guan-Hua and Peng, Chunyi and Yuan, Zengwen and Li, Yuanjie and Lu, Songwu and Wang, Xinbing},
 title = {Insecurity of Voice Solution VoLTE in LTE Mobile Networks},
 booktitle = {Proceedings of the 22Nd ACM SIGSAC Conference on Computer and Communications Security},
 series = {CCS '15},
 year = {2015},
 month = {Oct.},
 isbn = {978-1-4503-3832-5},
 location = {Denver, Colorado, USA},
 pages = {316--327},
 numpages = {12},
 doi = {10.1145/2810103.2813618},
 acmid = {2813618},
 publisher = {ACM},
 address = {New York, NY, USA},
 keywords = {LTE, attack, cellular networks, defense, volte},
} 

@article{DBLP:journals/corr/abs-1810-02968,
  author    = {Ayman Elnashar and
               Mohamed A. El{-}Saidny and
               Mohamed Yehia},
  title     = {Performance Evaluation of VoLTE Based on Field Measurement Data},
  journal   = {CoRR},
  volume    = {abs/1810.02968},
  year      = {2018},
  month     = {Oct.},
  url       = {http://arxiv.org/abs/1810.02968},
  archivePrefix = {arXiv},
  eprint    = {1810.02968},
  timestamp = {Tue, 30 Oct 2018 10:49:09 +0100},
  biburl    = {https://dblp.org/rec/bib/journals/corr/abs-1810-02968},
  bibsource = {dblp computer science bibliography, https://dblp.org}
}

@article{doi:10.1177/1550147718779568,
author = {Yuan Tan and Xinting Xu and Chen Liang and Xiaosong Zhang and Quanxin Zhang and Yuanzhang Li},
title ={An end-to-end covert channel via packet dropout for mobile networks},
journal = {International Journal of Distributed Sensor Networks},
volume = {14},
number = {5},
pages = {1-14},
year = {2018},
month = {May},
doi = {10.1177/1550147718779568},
}

@INPROCEEDINGS{6831301, 
author={O. {Ozturk} and M. {Vajapeyam}}, 
booktitle={2013 IEEE Global Communications Conference (GLOBECOM)}, 
title={Performance of VoLTE and data traffic in LTE heterogeneous networks}, 
year={2013}, 
volume={}, 
number={}, 
pages={1595-1601}, 
keywords={Internet telephony;Long Term Evolution;telecommunication traffic;voice communication;VoLTE;data traffic;LTE heterogeneous networks;voice over LTE;voice services;Throughput;Quality of service;Delays;Interference;Gain;Downlink;Dynamic scheduling;LTE;VoLTE;SPS;Mixed Traffic;Heterogeneous Networks}, 
doi={10.1109/GLOCOM.2013.6831301}, 
ISSN={1930-529X}, 
month={Dec.},}

@ARTICLE{8600755, 
author={Y. {Tan} and X. {Zhang} and K. {Sharif} and C. {Liang} and Q. {Zhang} and Y. {Li}}, 
journal={IEEE Wireless Communications}, 
title={Covert Timing Channels for IoT over Mobile Networks}, 
year={2018}, 
volume={25}, 
number={6}, 
pages={38-44}, 
keywords={4G mobile communication;5G mobile communication;computer network security;Internet of Things;telecommunication scheduling;mobile networks;Internet of Things;interpacket delays;4G-5G networks;computer networks;packet-reordering based covert timing channels;rate switching-based covert timing channels;retransmission-based covert timing channels;packet-loss-based covert timing channels;scheduling-based covert timing channels;IoT;Timing;Receivers;Privacy;Jitter;Internet of Things;Security;Communication system security;Network security}, 
doi={10.1109/MWC.2017.1800062}, 
ISSN={1536-1284}, 
month={Dec.},}

@ARTICLE{8288828, 
author={X. {Zhang} and Y. {Tan} and C. {Liang} and Y. {Li} and J. {Li}}, 
journal={IEEE Access}, 
title={A Covert Channel Over VoLTE via Adjusting Silence Periods}, 
year={2018}, 
volume={6}, 
number={}, 
pages={9292-9302}, 
keywords={Gray codes;Internet telephony;Long Term Evolution;telecommunication security;telecommunication traffic;covert channel;covert message;covert timing channel;VoLTE traffic;Robustness;Timing;Long Term Evolution;Buildings;Mobile computing;5G mobile communication;Covert channel;VoLTE;voice activity detection;silence period}, 
doi={10.1109/ACCESS.2018.2802783}, 
ISSN={2169-3536}, 
month={Feb.},}

@ARTICLE{1709847, 
author={H. {Kalva}}, 
journal={IEEE MultiMedia}, 
title={The H.264 Video Coding Standard}, 
year={2006}, 
volume={13}, 
number={4}, 
pages={86-90}, 
keywords={data compression;standards;video coding;H.264 video coding standard;MPEG AVC;video compression;MPEG-2 feature;Video coding;Video compression;Transform coding;Decoding;Standards publication;Video on demand;Encoding;Bit rate;IEC standards;ISO standards;standards;video coding;H.264;M-Peg-4;intraframe prediction;interframe prediction;IPTV;bit rates;video resolution;next generation;transform coding;entropy coding}, 
doi={10.1109/MMUL.2006.93}, 
ISSN={1070-986X}, 
month={Oct.},}

@INPROCEEDINGS{7346833, 
author={R. {Archibald} and D. {Ghosal}}, 
booktitle={2015 IEEE Conference on Communications and Network Security (CNS)}, 
title={Design and analysis of a model-based Covert Timing Channel for Skype traffic}, 
year={2015}, 
volume={}, 
number={}, 
pages={236-244}, 
keywords={statistical analysis;telecommunication traffic;wireless channels;wireless LAN;model-based covert timing channel analysis;Skype traffic;CTC;interpacket delay;IPD;application traffic statistical model;end-to-end delay;buffer overrun minimization;buffer underrun minimization;delay distribution;Wi-Fi network;Kullback-Leibler divergence test;Kolmogorov-Smirnov test;entropy test;Delays;Receivers;Robustness;Security;Jitter;Encoding}, 
doi={10.1109/CNS.2015.7346833}, 
ISSN={}, 
month={Sep.},}

@article{LIANG2018144,
title = "Building packet length covert channel over mobile VoIP traffics",
journal = "Journal of Network and Computer Applications",
volume = "118",
pages = "144 - 153",
year = "2018",
month = "Jun.",
issn = "1084-8045",
doi = "https://doi.org/10.1016/j.jnca.2018.06.012",
author = "Chen Liang and Yuan Tan and Xiaosong Zhang and Xianmin Wang and Jun Zheng and Quanxin Zhang",
keywords = "Covert channel, VoIP, UDP, Undetectability, Robustness, Throughput",
}

@article{LIANG2018162,
title = "A payload-dependent packet rearranging covert channel for mobile VoIP traffic",
journal = "Information Sciences",
volume = "465",
pages = "162 - 173",
year = "2018",
month = "Jul.",
issn = "0020-0255",
doi = "https://doi.org/10.1016/j.ins.2018.07.011",
author = "Chen Liang and Xianmin Wang and Xiaosong Zhang and Yu Zhang and Kashif Sharif and Yuan Tan",
keywords = "Covert channel, Mobile VoIP, Packet rearranging, UDP traffics",
}

@INPROCEEDINGS{6364806, 
author={S. {Singh} and O. {Oyman} and A. {Papathanassiou} and D. {Chatterjee} and J. G. {Andrews}}, 
booktitle={2012 IEEE International Conference on Communications (ICC)}, 
title={Video capacity and QoE enhancements over LTE}, 
year={2012}, 
volume={}, 
number={}, 
pages={7071-7076}, 
keywords={3G mobile communication;Long Term Evolution;mobility management (mobile radio);performance evaluation;radio access networks;telecommunication traffic;video streaming;QoE enhancements;LTE;quality of experience enhancements;performance evaluation;multimedia delivery technologies;third generation partnership project system;Long Term Evolution system;3GPP LTE system;wireless cellular technology;data rates;burgeoning data demand;mobile traffic;video services;video users;QoE-based evaluation methodology;unicast video consumers;rebuffering outage capacity;video service capacity;adaptive streaming;video delivery;QoE-based outage criteria;QoE-aware radio resource management framework;QoE-aware RRM framework;radio access network level;RAN level;Streaming media;Bit rate;PSNR;Throughput;Resource management;Downlink}, 
doi={10.1109/ICC.2012.6364806}, 
ISSN={1938-1883}, 
month={Jun.},}

@INPROCEEDINGS{6996582, 
author={J. {Hyun} and J. {Li} and C. {Im} and J. {Yoo} and J. W. {Hong}}, 
booktitle={The 16th Asia-Pacific Network Operations and Management Symposium}, 
title={A VoLTE traffic classification method in LTE network}, 
year={2014}, 
volume={}, 
number={}, 
pages={1-6}, 
keywords={Internet telephony;Long Term Evolution;multimedia communication;quality of service;telecommunication traffic;VoLTE traffic classification method;Long Term Evolution technology;LTE based VoIP services;VoIP based multimedia service;all-IP based LTE network;Korea telecommunication companies;VoLTE service;VoLTE traffic volume;VoLTE quality;QoS;distributed processing architecture;SIP packets;SDP packets;SIP user-agent header field;deep packet inspection method;parallel traffic processing architecture;HTCondor;Long Term Evolution;Protocols;Ports (Computers);Payloads;IP networks;Computer architecture;Mobile communication;HTCondor;Traffic Analysis;VoLTE;RTP;SIP}, 
doi={10.1109/APNOMS.2014.6996582}, 
ISSN={}, 
month={Sep.},}

@INPROCEEDINGS{7427126, 
author={A. E. {Ko} and S. {Park} and S. {Kim} and K. {Son} and H. {Kim}}, 
booktitle={2016 International Conference on Information Networking (ICOIN)}, 
title={SIP amplification attack analysis and detection in VoLTE service network}, 
year={2016}, 
volume={}, 
number={}, 
pages={334-336}, 
keywords={Long Term Evolution;multimedia systems;signalling protocols;voice communication;SIP amplification attack analysis;VoLTE service network;mobile communication technology;voice communication service;IMS network;SIP protocol;voice over LTE;Long Term Evolution;session initiation protocol;IP multimedia subsystem;Security;4G Security;VoLTE Attack;SIP Amplification}, 
doi={10.1109/ICOIN.2016.7427126}, 
ISSN={}, 
month={Jan.},}

@INPROCEEDINGS{7842207, 
author={M. {Tomoskozi} and P. {Seeling} and P. {Ekler} and F. H. P. {Fitzek}}, 
booktitle={2016 IEEE Global Communications Conference (GLOBECOM)}, 
title={Regression Model Building and Efficiency Prediction of RoHCv2 Compressor Implementations for VoIP}, 
year={2016}, 
volume={}, 
number={}, 
pages={1-6}, 
keywords={5G mobile communication;Bayes methods;cellular radio;Internet telephony;IP networks;learning (artificial intelligence);Long Term Evolution;mean square error methods;regression analysis;telecommunication traffic;RoHCv2 compressor implementations;VoIP transmissions;cellular networks;long term evolution;LTE;5G;low-latency mobile data;IP based cellular network traffic;transmission delays;machine learning;robust header compression version 2;RFC 5225;mean square error;weighted Ridge regression model;Bayesian regressions;polynomial basis functions;Protocols;Loss measurement;Payloads;Cellular networks;Robustness;Mobile computing}, 
doi={10.1109/GLOCOM.2016.7842207}, 
ISSN={}, 
month={Dec.},}

@inproceedings{Gianvecchio:2007:DCT:1315245.1315284,
 author = {Gianvecchio, Steven and Wang, Haining},
 title = {Detecting Covert Timing Channels: An Entropy-based Approach},
 booktitle = {Proceedings of the 14th ACM Conference on Computer and Communications Security},
 series = {CCS '07},
 year = {2007},
 month = {Oct.},
 isbn = {978-1-59593-703-2},
 location = {Alexandria, Virginia, USA},
 pages = {307--316},
 numpages = {10},
 doi = {10.1145/1315245.1315284},
 acmid = {1315284},
 publisher = {ACM},
 address = {New York, NY, USA},
 keywords = {covert timing channels, detection},
} 

@INPROCEEDINGS{7289065, 
author={F. {Rezaei} and M. {Hempel} and P. L. {Shrestha} and S. M. {Rakshit} and H. {Sharif}}, 
booktitle={2015 International Wireless Communications and Mobile Computing Conference (IWCMC)}, 
title={Detecting covert timing channels using non-parametric statistical approaches}, 
year={2015}, 
volume={}, 
number={}, 
pages={102-107}, 
keywords={computer network security;Internet;modulation;statistical analysis;Internet services;network resources;Internet resources;malicious data;covert timing channel;CTC;inter-packet delays modulation;IPD modulation;designated receivers;nonparametric statistical tests;covert communication activities;overt traffic flows;cyber security;Delays;Algorithm design and analysis;Reliability;Telecommunication traffic;Entropy;Covert Communication;Information Hiding;Covert Timing Channel;Covert Channel Detection;Detection Fingerprints}, 
doi={10.1109/IWCMC.2015.7289065}, 
ISSN={2376-6492}, 
month={Aug.},}

@ARTICLE{6832827, 
author={T. {van Erven} and P. {Harremos}}, 
journal={IEEE Transactions on Information Theory}, 
title={Rényi Divergence and Kullback-Leibler Divergence}, 
year={2014}, 
volume={60}, 
number={7}, 
pages={3797-3820}, 
keywords={algebra;entropy;minimax techniques;continuous channel inputs;minimax redundancy;channel capacity;Pythagorean inequality;Gaussian contiguity;Gaussian dichotomy;σ-algebras;continuity;convexity;Rényi entropy;Shannon entropy;Kullback-Leibler divergence;Rényi divergence;Entropy;Q measurement;Data processing;Convergence;Markov processes;Testing;\(\alpha\) -divergence;Bhattacharyya distance;information divergence;Kullback-Leibler divergence;Pythagorean inequality;Rényi divergence}, 
doi={10.1109/TIT.2014.2320500}, 
ISSN={0018-9448}, 
month={Jul.},}

@ARTICLE{7827996, 
author={F. {Rezaei} and M. {Hempel} and H. {Sharif}}, 
journal={IEEE Transactions on Dependable and Secure Computing}, 
title={Towards a Reliable Detection of Covert Timing Channels over Real-Time Network Traffic}, 
year={2017}, 
volume={14}, 
number={3}, 
pages={249-264}, 
keywords={telecommunication network reliability;telecommunication traffic;covert timing channels;real-time network traffic;inter-packet delays;information hiding;CTC real-time detection;IPD distributions;network traffic IPD distributions;traffic streams;Telecommunication traffic;Timing;Algorithm design and analysis;Receivers;Classification algorithms;Reliability;Encoding}, 
doi={10.1109/TDSC.2017.2656078}, 
ISSN={1545-5971}, 
month={May},}

@ARTICLE{7274690, 
author={X. {Zhu} and C. W. {Chen}}, 
journal={IEEE Transactions on Information Forensics and Security}, 
title={A Joint Source-Channel Adaptive Scheme for Wireless H.264/AVC Video Authentication}, 
year={2016}, 
volume={11}, 
number={1}, 
pages={141-153}, 
keywords={combined source-channel coding;probability;telecommunication security;video coding;video streaming;wireless channels;layered hash appending;low authentication overhead;high verification probability;wireless channel noise;optimal rate allocation scheme;channel coding;source coding;advanced video coding standards;lossy networks;video streaming;wireless H.264/AVC video authentication;joint source-channel adaptive scheme;Authentication;Video coding;Streaming media;Media;Joints;Channel coding;Multimedia authentication;digital signature;stream authentication;wireless media communication;H.264 video streaming;Multimedia authentication;digital signature;stream authentication;wireless media communication;H.264 video streaming}, 
doi={10.1109/TIFS.2015.2481366}, 
ISSN={1556-6013}, 
month={Jan.},}

@INPROCEEDINGS{8016294, 
author={C. {Bezerra} and A. D. {Carvalho} and D. {Borges} and N. {Barbosa} and J. {Pontes} and E. {Tavares}}, 
booktitle={2017 14th IEEE Annual Consumer Communications Networking Conference (CCNC)}, 
title={QoE and energy consumption evaluation of adaptive video streaming on mobile device}, 
year={2017}, 
volume={}, 
number={}, 
pages={1-6}, 
keywords={energy consumption;hypermedia;Internet;mobile handsets;quality of experience;video streaming;energy consumption evaluation;adaptive video streaming;QoE;mobile device;dynamic adaptive streaming over HTTP;media streaming;quality of experience;web server infrastructure;Streaming media;Bandwidth;Energy consumption;Wireless fidelity;Long Term Evolution;Mobile handsets;performance evaluation;adaptive video streaming;quality of experience;energy consumption}, 
doi={10.1109/CCNC.2017.8016294}, 
ISSN={2331-9860}, 
month={Jan.},}

@ARTICLE{5705575, 
author={L. {Zhang} and L. {Zhang} and X. {Mou} and D. {Zhang}}, 
journal={IEEE Transactions on Image Processing}, 
title={FSIM: A Feature Similarity Index for Image Quality Assessment}, 
year={2011}, 
volume={20}, 
number={8}, 
pages={2378-2386}, 
keywords={image processing;FSIM;feature similarity index;image quality assessment;IQA;structural similarity index;human visual system;phase congruency;image gradient magnitude;image local quality;Measurement;Gabor filters;Indexes;Feature extraction;Visualization;Image color analysis;Gradient;image quality assessment (IQA);low-level feature;phase congruency (PC);Algorithms;Databases, Factual;Humans;Image Processing, Computer-Assisted;Models, Theoretical;Reproducibility of Results;Visual Perception}, 
doi={10.1109/TIP.2011.2109730}, 
ISSN={1057-7149}, 
month={Aug.},}

@ARTICLE{1709988, 
author={H. R. {Sheikh} and M. F. {Sabir} and A. C. {Bovik}}, 
journal={IEEE Transactions on Image Processing}, 
title={A Statistical Evaluation of Recent Full Reference Image Quality Assessment Algorithms}, 
year={2006}, 
volume={15}, 
number={11}, 
pages={3440-3451}, 
keywords={image resolution;statistical analysis;video signal processing;statistical evaluation;full reference image quality assessment algorithm;visual quality measurement;video processing;Video Quality Experts Group;distortion types;Image quality;Humans;Quality assessment;Algorithm design and analysis;Laboratories;Testing;PSNR;Performance analysis;Video compression;Image processing;Image quality assessment performance;image quality study;subjective quality assessment;Algorithms;Data Interpretation, Statistical;Image Enhancement;Image Interpretation, Computer-Assisted;Information Storage and Retrieval;Quality Control;Software;Software Validation}, 
doi={10.1109/TIP.2006.881959}, 
ISSN={1057-7149}, 
month={Nov.},}

@INPROCEEDINGS{6296078, 
author={R. {Archibald} and D. {Ghosal}}, 
booktitle={2012 IEEE 11th International Conference on Trust, Security and Privacy in Computing and Communications}, 
title={A Covert Timing Channel Based on Fountain Codes}, 
year={2012}, 
volume={}, 
number={}, 
pages={970-977}, 
keywords={computer network security;jitter;statistical analysis;telecommunication channels;model-based covert timing channel;CTC;covert message;inter-packet delays;network traffic;modulated IPD generation;statistical model;legitimate overt application network traffic;covert channel nondetectability;jitter;timing channel;CTC robustness improvement;channel error characteristics;bit error reduction;IPD guard band;binary alphabet;IPD distribution;model-security degradation;Kolmogorov-Smirnov test;KS test;Kullback-Leibler divergence measure;KL divergence measure;throughput;fountain code-based covert communication system;Receivers;Timing;Jitter;Decoding;Robustness;Encoding;Security;Covert Timing Channel;Fountain Codes;Security;Markov Modulated Poisson Process;Guard Band}, 
doi={10.1109/TrustCom.2012.21}, 
ISSN={2324-898X}, 
month={Jun.},}

@INPROCEEDINGS{6567004, 
author={S. A. {Ahmadzadeh} and G. {Agnew}}, 
booktitle={2013 Proceedings IEEE INFOCOM}, 
title={Turbo covert channel: An iterative framework for covert communication over data networks}, 
year={2013}, 
volume={}, 
number={}, 
pages={2031-2039}, 
keywords={adaptive modulation;communication complexity;demodulation;error statistics;iterative decoding;radio receivers;radiofrequency interference;statistical testing;telecommunication network reliability;telecommunication traffic;trellis codes;turbo codes;wireless channels;turbo covert channel;iterative framework;data network;design methodology;timing covert channel;polynomial-time undetectability;polynomial-time statistical test;covert traffic;legitimate traffic;covert channel modeling;differential communication channel;modulation/demodulation process;communication model;trellis structure;covert message;covert receiver;iterative demodulation;iterative decoding;channel reliability;adaptive modulation strategy;channel robustness;error rate;channel performance analysis;covert communication scheme;network noise;undetectability level;covert rate;Receivers;Delays;Transmitters;Noise;Demodulation}, 
doi={10.1109/INFCOM.2013.6567004}, 
ISSN={0743-166X}, 
month={Apr.},}

@article{WU201269,
title = "Improving performance of network covert timing channel through Huffman coding",
journal = "Mathematical and Computer Modelling",
volume = "55",
number = "1",
pages = "69 - 79",
year = "2012",
month = "Jan.",
issn = "0895-7177",
doi = "https://doi.org/10.1016/j.mcm.2011.01.051",
author = "Jingzheng Wu and Yongji Wang and Liping Ding and Xiaofeng Liao",
keywords = "Huffman coding, Network covert channel, Covert channel encoding, Capacity, Covertness, Timing channel",
}

@InProceedings{10.1007/978-3-642-24178-9_22,
author="Houmansadr, Amir
and Borisov, Nikita",
editor="Filler, Tom{\'a}{\v{s}}
and Pevn{\'y}, Tom{\'a}{\v{s}}
and Craver, Scott
and Ker, Andrew",
title="CoCo: Coding-Based Covert Timing Channels for Network Flows",
booktitle="Information Hiding",
year="2011",
month="",
publisher="Springer Berlin Heidelberg",
address="Berlin, Heidelberg",
pages="314--328",
isbn="978-3-642-24178-9"
}

@INPROCEEDINGS{4630112, 
author={ and E. W. W. {Chan} and R. K. C. {Chang}}, 
booktitle={2008 IEEE International Conference on Dependable Systems and Networks With FTCS and DCC (DSN)}, 
title={TCP covert timing channels: Design and detection}, 
year={2008}, 
volume={}, 
number={}, 
pages={420-429}, 
keywords={channel capacity;computer network reliability;decoding;feedback;Internet;IP networks;transport protocols;TCP covert timing channels;Internet;covert communication;watermarking schemes;interpacket delay;decoding accuracy;jitter;packet loss;packet reordering;feedback;reliability;theoretical capacity analysis;channel capacity;IP timing channel;JitterBug;TCPScript channels}, 
doi={10.1109/DSN.2008.4630112}, 
ISSN={1530-0889}, 
month={Jun.},}

@INPROCEEDINGS{5062145, 
author={S. H. {Sellke} and C. -. {Wang} and S. {Bagchi} and N. {Shroff}}, 
booktitle={IEEE INFOCOM 2009}, 
title={TCP/IP Timing Channels: Theory to Implementation}, 
year={2009}, 
volume={}, 
number={}, 
pages={2204-2212}, 
keywords={IP networks;telecommunication channels;transport protocols;covert communication;covert TCP-IP timing channel;traffic patterns;TCPIP;Timing jitter;Books;Communication system security;Data security;Information security;Distributed computing;Communications Society;Intelligent networks;Communication system control}, 
doi={10.1109/INFCOM.2009.5062145}, 
ISSN={0743-166X}, 
month={Apr.},}

@ARTICLE{7122356, 
author={L. {Anegekuh} and L. {Sun} and E. {Jammeh} and I. {Mkwawa} and E. {Ifeachor}}, 
journal={IEEE Transactions on Multimedia}, 
title={Content-Based Video Quality Prediction for HEVC Encoded Videos Streamed Over Packet Networks}, 
year={2015}, 
volume={17}, 
number={8}, 
pages={1323-1334}, 
keywords={data compression;image motion analysis;prediction theory;quality of service;vectors;video coding;video streaming;content-based video quality prediction;high efficiency video coding;HEVC;packet networks;video quality prediction model;video content type;encoded video sequences;encoder settings;network quality of service;NQoS;temporal information;motion vector;MV information;encoded video bitstreams;spatial information;quantisation parameter;QP setting;network packet loss rate;PLR;mean opinion score;MOS;Video recording;Quality assessment;Streaming media;Predictive models;Video sequences;Measurement;Feature extraction;Content type;crowdsourcing;high efficiency video coding (HEVC);mean opinion score (MOS);motion activity;motion estimation;motion vector (MV);picture complexity;quality of experience (QoE)}, 
doi={10.1109/TMM.2015.2444098}, 
ISSN={1520-9210}, 
month={Aug.},}

@ARTICLE{4317620,
author={S. {Zander} and G. {Armitage} and P. {Branch}},
journal={IEEE Communications Surveys Tutorials},
title={A survey of covert channels and countermeasures in computer network protocols},
year={2007},
volume={9},
number={3},
pages={44-57},
keywords={Computer networks;Protocols;Cryptography;Computer hacking;Government;Communication system security;Data security;Information security;Internet;Application software},
doi={10.1109/COMST.2007.4317620},
ISSN={2373-745X},
month={Third},}

@INPROCEEDINGS{130771,
author={P. A. {Karger} and J. C. {Wray}},
booktitle={Proceedings. 1991 IEEE Computer Society Symposium on Research in Security and Privacy},
title={Storage channels in disk arm optimization},
year={1991},
volume={},
number={},
pages={52-61},
keywords={magnetic disc storage;operating systems (computers);security of data;storage management;telecommunication channels;telecommunications computing;disk arm optimization;covert storage channels;disk I/O optimization schemes;disk architectures;generic solutions;future storage-system architectures;covert channel analysis;VAX security kernel;Kernel;Elevators;Security;Disk drives;Out of order;Open source software;Computer architecture;Secure storage;Hardware;Scheduling},
doi={10.1109/RISP.1991.130771},
ISSN={null},
month={May},}

@INPROCEEDINGS{6542541,
author={W. {Gasior} and L. {Yang}},
booktitle={2012 International Conference on Cyber Security},
title={Exploring Covert Channel in Android Platform},
year={2012},
volume={},
number={},
pages={173-177},
keywords={computer network security;mobile computing;mobile handsets;operating systems (computers);network covert channels;secured environment;information exfiltration;security threat;governments;private sector;enterprise-type environments;ubiquitous computing platform;mobile devices;Google Android mobile platform;security;covert channel;mobile;Android},
doi={10.1109/CyberSecurity.2012.29},
ISSN={null},
month={Dec},}

@ARTICLE{1702197,
author={J. T. {Haigh} and R. A. {Kemmerer} and J. {Mchugh} and W. D. {Young}},
journal={IEEE Transactions on Software Engineering},
title={An Experience Using Two Covert Channel Analysis Techniques on a Real System Design},
year={1987},
volume={SE-13},
number={2},
pages={157-168},
keywords={Covert channels;formal specification;formal verification;multilevel security;noninterference security policies;shared resource matrix;System analysis and design;Multilevel systems;National security;Performance analysis;Computer science;Formal specifications;Formal verification;Computer security;Information analysis;Information security;Covert channels;formal specification;formal verification;multilevel security;noninterference security policies;shared resource matrix},
doi={10.1109/TSE.1987.226479},
ISSN={2326-3881},
month={Feb},}

@inproceedings{ahsan2002practical,
  title={Practical data hiding in TCP/IP},
  author={Ahsan, Kamran and Kundur, Deepa},
  booktitle={Proc. Workshop on Multimedia Security at ACM Multimedia},
  volume={2},
  number={7},
  pages={1--8},
  year={2002}
}

@inproceedings{shah2006keyboards,
  title={Keyboards and Covert Channels.},
  author={Shah, Gaurav and Molina, Andres and Blaze, Matt and others},
  booktitle={USENIX Security Symposium},
  volume={15},
  year={2006}
}

@InProceedings{10.1007/11767831_10,
author="Lucena, Norka B.
and Lewandowski, Grzegorz
and Chapin, Steve J.",
editor="Danezis, George
and Martin, David",
title="Covert Channels in IPv6",
booktitle="Privacy Enhancing Technologies",
year="2006",
publisher="Springer Berlin Heidelberg",
address="Berlin, Heidelberg",
pages="147--166",
isbn="978-3-540-34746-0"
}

@ARTICLE{7470940,
author={P. {Rost} and A. {Banchs} and I. {Berberana} and M. {Breitbach} and M. {Doll} and H. {Droste} and C. {Mannweiler} and M. A. {Puente} and K. {Samdanis} and B. {Sayadi}},
journal={IEEE Communications Magazine},
title={Mobile network architecture evolution toward 5G},
year={2016},
volume={54},
number={5},
pages={84-91},
keywords={5G mobile communication;computer network management;mobility management (mobile radio);software defined networking;mobile network architecture evolution;mobile network efficiency;mobile network flexibility;mobile network robustness;3GPP EPS mobile evolution;3GPP EPS releases;network slicing;software-defined mobile network control;software-defined mobile network management;software-defined mobile network orchestration;5G mobile network;Mobile communication;Mobile computing;3GPP;Cloud computing;Computer architecture;Long Term Evolution},
doi={10.1109/MCOM.2016.7470940},
ISSN={1558-1896},
month={May},}

@INPROCEEDINGS{6398495,
author={T. {Mshvidobadze}},
booktitle={2012 6th International Conference on Application of Information and Communication Technologies (AICT)},
title={Evolution mobile wireless communication and LTE networks},
year={2012},
volume={},
number={},
pages={1-7},
keywords={4G mobile communication;Long Term Evolution;radio access networks;evolution mobile wireless communication network;LTE networks;4G mobile communication systems;wireless access technology;mobile voice;mobile broadband;3G mobile communication systems;1G mobile communication systems;2G mobile communication systems;advanced mobile services;telecommunication services;multiuser environment;Long Term Evolution;fourth generation mobile network technology;Mobile Wireless Communication Networks;3G;4G;Mobile Broadband;Long Term Evolution},
doi={10.1109/ICAICT.2012.6398495},
ISSN={null},
month={Oct},}

@ARTICLE{8412482,
author={K. {David} and H. {Berndt}},
journal={IEEE Vehicular Technology Magazine},
title={6G Vision and Requirements: Is There Any Need for Beyond 5G?},
year={2018},
volume={13},
number={3},
pages={72-80},
keywords={3G mobile communication;4G mobile communication;5G mobile communication;cellular radio;Global System;3G;beyond 5G;mobile communication systems;wireless cellular standards;2G;global system for mobile communications;4G;6G;3G mobile communication;GSM;Europe;Long Term Evolution;5G mobile communication},
doi={10.1109/MVT.2018.2848498},
ISSN={1556-6080},
month={Sep.},}

@article{anehill2012validating,
  title={Validating voice over LTE end-to-end},
  author={Anehill, Michael and Larsson, Magnus and Str{\"o}mberg, G{\"o}ran and Parsons, Eric},
  journal={Ericsson Rev},
  volume={1},
  pages={4--10},
  year={2012}
}

@article{mazurczyk2016youskyde,
  title={YouSkyde: information hiding for Skype video traffic},
  author={Mazurczyk, Wojciech and Kara{\'s}, Maciej and Szczypiorski, Krzysztof and Janicki, Artur},
  journal={Multimedia Tools and Applications},
  volume={75},
  number={21},
  pages={13521--13540},
  year={2016},
  publisher={Springer}
}

@ARTICLE{6353522,
author={A. {Mittal} and R. {Soundararajan} and A. C. {Bovik}},
journal={IEEE Signal Processing Letters},
title={Making a “Completely Blind” Image Quality Analyzer},
year={2013},
volume={20},
number={3},
pages={209-212},
keywords={image processing;natural scenes;statistical analysis;image quality analyzer;blind image quality assessment;perceptual model;blind IQA model;human-rated distorted image;natural image quality evaluator;NIQE;statistical features;space domain natural scene statistic;NSS model;Image quality;Image processing;Statistical analysis;Feature extraction;Completely blind;distortion free;image quality assessment;no reference},
doi={10.1109/LSP.2012.2227726},
ISSN={1558-2361},
month={March},}

@book{poikselka2012voice,
  title={Voice over LTE: VoLTE},
  author={Poikselk{\"a}, Miikka and Holma, Harri and Hongisto, Jukka and Kallio, Juha and Toskala, Antti},
  year={2012},
  publisher={John Wiley \& Sons}
}

@INPROCEEDINGS{7154042,
author={A. {Vizzarri}},
booktitle={2014 European Modelling Symposium},
title={Analysis of VoLTE End-to-End Quality of Service Using OPNET},
year={2014},
volume={},
number={},
pages={452-457},
keywords={Internet telephony;Long Term Evolution;quality of service;VoLTE end-to-end quality of service analysis;3GPP standard;wireless transmission systems;end-to end QoS treatment;voice service;LTE systems;QoS aware mechanism;end-to-end service;end-to-end QoS management;voice codecs;OPNET modeler software tool;Quality of service;Codecs;Delays;Long Term Evolution;GSM;IP networks;Downlink;LTE;VoIP;VoLTE;end-to-end QoS;LTE network performance;LTE KPIs;OPNET},
doi={10.1109/EMS.2014.68},
ISSN={null},
month={Oct},}

@inproceedings{guo2019volte,
  title={A VoLTE Covert Channel with Intelligent Confrontation},
  author={Guo, Linhong and Zhang, Xiaosong},
  booktitle={Journal of Physics: Conference Series},
  volume={1325},
  number={1},
  pages={012108},
  year={2019},
  organization={IOP Publishing}
}

@article{zhang2019timestamp,
  title={A Timestamp-Regulating VoLTE Covert Channel against Statistical Analysis},
  author={Zhang, Quanxin and Zhu, Mengyan and Liang, Chen and Wang, Kunqing and Yang, Kai and Li, Yuanzhang},
  journal={Mobile Networks and Applications},
  pages={1-10},
  year={2019},
  publisher={Springer}
}

@article{WALLS20111217,
title = "Liquid: A detection-resistant covert timing channel based on IPD shaping",
journal = "Computer Networks",
volume = "55",
number = "6",
pages = "1217 - 1228",
year = "2011",
issn = "1389-1286",
doi = "https://doi.org/10.1016/j.comnet.2010.11.007",
url = "http://www.sciencedirect.com/science/article/pii/S1389128610003580",
author = "Robert J. Walls and Kush Kothari and Matthew Wright",
keywords = "Covert channels, Intrusion detection, Timing analysis",
}

@INPROCEEDINGS{8875875,
author={İ. {Karadoğan} and A. {Karci}},
booktitle={2019 International Artificial Intelligence and Data Processing Symposium (IDAP)},
title={Detection of Covert Timing Channels with Machine Learning Methods Using Different Window Sizes},
year={2019},
volume={},
number={},
pages={1-5},
keywords={computer network security;learning (artificial intelligence);telecommunication channels;vectors;covert timing channel;machine learning methods;window sizes;data packets;hidden data;Timing;TCPIP;Protocols;Feature extraction;Linux;Covert channels;network steganography;information security;machine learning},
doi={10.1109/IDAP.2019.8875875},
ISSN={null},
month={Sep.},}

@ARTICLE{8817935,
author={X. {Zhang} and L. {Guo} and Y. {Xue} and Q. {Zhang}},
journal={IEEE Access},
title={A Two-Way VoLTE Covert Channel With Feedback Adaptive to Mobile Network Environment},
year={2019},
volume={7},
number={},
pages={122214-122223},
keywords={feedback;Long Term Evolution;telecommunication channels;telecommunication security;transport protocols;voice communication;covert timing channel;RTCP packet;control information field;voice over LTE;secret message transmission;network covert channel;two-way VoLTE covert channel;complex mobile network environments;real-time transport control protocol packet;reverse covert storage channel;covert message;sender-to-receiver covert timing channel;real-time interactive features;mobile network environment;Timing;Robustness;Long Term Evolution;Adaptive systems;Real-time systems;Receivers;IP networks;Covert channel;VoLTE;mobile networks;feedback},
doi={10.1109/ACCESS.2019.2937969},
ISSN={2169-3536},
month={},}

@ARTICLE{7087364,
author={P. L. {Shrestha} and M. {Hempel} and F. {Rezaei} and H. {Sharif}},
journal={IEEE Transactions on Dependable and Secure Computing},
title={A Support Vector Machine-Based Framework for Detection of Covert Timing Channels},
year={2016},
volume={13},
number={2},
pages={274-283},
keywords={learning (artificial intelligence);pattern classification;security of data;support vector machines;support vector machine-based framework;covert timing channel detection;side channels;secret message transmission;generic mechanism;SVM;covert communication detection;machine learning;traffic classification;Fingerprint recognition;Entropy;Support vector machines;Delays;Receivers;Classification algorithms;Covert Channels;Detection;Machine Learning;Traffic Fingerprints;Covert channels;detection;machine learning;traffic fingerprints},
doi={10.1109/TDSC.2015.2423680},
ISSN={2160-9209},
month={March},}

@INPROCEEDINGS{6406084,
author={X. {Yetian} and Z. {Xiaochao} and Y. {Lihong} and P. {Li} and L. {Jianhua}},
booktitle={2012 Eighth International Conference on Computational Intelligence and Security},
title={Constructing the On/Off Covert Channel on Xen},
year={2012},
volume={},
number={},
pages={568-572},
keywords={cloud computing;security of data;shared memory systems;virtual machines;virtualisation;on-off covert channel;transmission accuracy evaluation;bit rate evaluation;shared memory;covert timing channel;sensitive information leakage;multiple virtual machines;cloud computing;virtualization technology;Xen hyper visor;Receivers;Virtual machine monitors;Virtual machining;Bit rate;Security;Xen;Cloud Computing;Covert Channel;Information Hiding},
doi={10.1109/CIS.2012.133},
ISSN={null},
month={Nov},}

@INPROCEEDINGS{8277839,
author={M. A. {Elsadig} and Y. A. {Fadlalla}},
booktitle={2017 4th IEEE International Conference on Engineering Technologies and Applied Sciences (ICETAS)},
title={A balanced approach to eliminate packet length-based covert channels},
year={2017},
volume={},
number={},
pages={1-7},
keywords={data encapsulation;telecommunication channels;telecommunication security;packet length covert channel;network covert channels;network packet lengths variations;covert channel developments;undetectable security threat;secret messages;Security;Protocols;Timing;Bandwidth;Vehicular ad hoc networks;Receivers;Switches;covert channel;security;detection;prevention;elimination;packet length covert channel;network protocols},
doi={10.1109/ICETAS.2017.8277839},
ISSN={null},
month={Nov},}

@INPROCEEDINGS{6670985,
author={O. I. {Abdullaziz} and V. T. {Goh} and H. {Ling} and K. {Wong}},
booktitle={2013 IEEE Conference on Sustainable Utilization and Development in Engineering and Technology (CSUDET)},
title={Network packet payload parity based steganography},
year={2013},
volume={},
number={},
pages={56-59},
keywords={computer network security;invasive software;protocols;steganography;telecommunication traffic;network packet payload parity based steganography;packet protocol headers;protocol mechanism;packet payload;secret communication;computer network;intrusion detection systems;malicious activities;viruses;malwares;packet-length based steganographic techniques;covert channel;traffic anomaly detection methods;Payloads;Protocols;IP networks;Conferences;Internet;Bandwidth;Timing;Steganography;Covert Channel;Packet Length;Information Hiding;Packet Crafting},
doi={10.1109/CSUDET.2013.6670985},
ISSN={null},
month={May},}

@ARTICLE{7329924,
author={L. {Wang} and Z. {Wang} and Q. {Huang} and M. {Zhang}},
journal={IEEE Communications Letters},
title={Balanced Gray Codes With Flexible Lengths},
year={2016},
volume={20},
number={5},
pages={894-897},
keywords={Gray codes;(n + 2)-bit balanced Gray code;n-bit BGC transition sequence;bit position;Reflective binary codes;Phase shift keying;Electronic mail;Indexes;Error analysis;Communication systems;Phase change memory;balanced Gray codes;transition sequence;flexible lengths;Balanced Gray codes;transition sequence;flexible lengths},
doi={10.1109/LCOMM.2015.2501291},
ISSN={2373-7891},
month={May},}

@INPROCEEDINGS{6269462,
author={ {Fang Cheng} and {Jiang Luo} and {Jingyao Cao}},
booktitle={2012 IEEE International Conference on Computer Science and Automation Engineering},
title={Research and implementation of real-time RTP streams monitoring in 3G Voice Quality System},
year={2012},
volume={},
number={},
pages={288-291},
keywords={3G mobile communication;audio streaming;file organisation;protocols;real-time systems;voice communication;real-time RTP stream monitoring;3G voice quality system;3G core network;media information processing;RTP protocol decoding analysis;CDR file generation;CDR synthesis;hash dynamic synthesis method;data processing;end-to-end voice quality analysis;RTP streams;signaling processes;Registers;Logic gates;Indexes;Voice Quality System;RTP;RTCP;CDR;table;end-to-end},
doi={10.1109/ICSESS.2012.6269462},
ISSN={2327-0594},
month={June},}

@INPROCEEDINGS{6923336,
author={D. {Bartolin} and T. {Vržina} and A. {Golub}},
booktitle={Proceedings ELMAR-2014},
title={Reliable real-time video delivery over IP networks},
year={2014},
volume={},
number={},
pages={1-4},
keywords={computer network reliability;forward error correction;IP networks;protocols;real-time systems;video communication;reliable real-time video delivery;IP networks;ISO/IEC 13818-1 transport stream encapsulated video signal delivery;reliability improvement;reliable real-time data delivery;packet reordering;packet loss;RTP protocol;FEC error correction;IP networks;Receivers;Streaming media;Forward error correction;Packet loss;Real-time systems;Transport Stream over IP;IP-based video delivery;Real-time video delivery},
doi={10.1109/ELMAR.2014.6923336},
ISSN={1334-2630},
month={Sep.},}

@INPROCEEDINGS{6222709,
author={H. {Zhao} and N. {Ansari}},
booktitle={2012 35th IEEE Sarnoff Symposium},
title={Detecting covert channels within VoIP},
year={2012},
volume={},
number={},
pages={1-6},
keywords={computational complexity;Internet telephony;protocols;telecommunication channels;telecommunication security;telecommunication traffic;covert channels detection;Voice over IP;networking services;VoIP traffic;network security;hidden messages detection;SEQ;sequence number;SSRC;source identifier;RTP protocol;conversation phase;computational complexity;Vectors;Protocols;IP networks;Servers;Logic gates;Mixers;Feature extraction},
doi={10.1109/SARNOF.2012.6222709},
ISSN={null},
month={May},}

@INPROCEEDINGS{6156339,
author={P. {Choudhury} and K. R. P. {Kumar} and G. {Athithan} and S. {Nandi}},
booktitle={2011 IEEE 5th International Conference on Internet Multimedia Systems Architecture and Application},
title={A mechanism to recover voice from logged VoIP sessions based on RTP},
year={2011},
volume={},
number={},
pages={1-5},
keywords={Internet telephony;security of data;signalling protocols;logged VoIP sessions;RTP;Internet protocol networks;Voice over IP;SIP/ H.323;dominant signaling protocols;media transfer;SSRC-multiplexing;active stream injection attack;Media;Codecs;Protocols;IP networks;Payloads;Multiplexing;Decoding;VoIP;Voice recovery;SSRC multiplexing;RTP packet injection},
doi={10.1109/IMSAA.2011.6156339},
ISSN={null},
month={Dec},}

@INPROCEEDINGS{6423613,
author={M. {Ellis} and D. P. {Pezaros} and T. {Kypraios} and C. {Perkins}},
booktitle={37th Annual IEEE Conference on Local Computer Networks},
title={Modelling packet loss in RTP-based streaming video for residential users},
year={2012},
volume={},
number={},
pages={220-223},
keywords={digital subscriber lines;Internet;IPTV;losses;Markov processes;performance evaluation;telecommunication cables;telecommunication traffic;video streaming;packet loss modelling;RTP-based video streaming;real-time Internet application;Markov model;performance evaluation;residential Internet user;IPTV-like traffic measurement;residential ADSL;cable link;packet delay information;Hidden Markov models;Packet loss;Delay;Streaming media;Internet;Markov processes},
doi={10.1109/LCN.2012.6423613},
ISSN={0742-1303},
month={Oct},}

@INPROCEEDINGS{5478577,
author={J. {Mochnáč} and S. {Marchevský} and P. {Kocan}},
booktitle={20th International Conference Radioelektronika 2010},
title={Simulation of packet losses in video transfers using real-time transport protocol},
year={2010},
volume={},
number={},
pages={1-4},
keywords={data compression;Markov processes;telecommunication congestion control;transport protocols;video coding;packet loss;video transfer;realtime transport protocol;multimedia content;wireless channels;network congestion;channel noise;video compression;video quality;Markov chains;video transmission;Transport protocols;Streaming media;Hidden Markov models;Video compression;Propagation losses;Working environment noise;Wireless networks;Traffic control;Internet;Delay;RTP protocol;packet loss;loss model;ns-2;video streaming},
doi={10.1109/RADIOELEK.2010.5478577},
ISSN={null},
month={April},}

@ARTICLE{6894614,
author={S. {Tang} and P. {Rondao Alface}},
journal={IEEE Transactions on Multimedia},
title={Impact of Random and Burst Packet Losses on H.264 Scalable Video Coding},
year={2014},
volume={16},
number={8},
pages={2256-2269},
keywords={Markov processes;probability;protocols;video coding;random packet loss;burst packet loss;H.264 scalable video coding;encoder-based prediction model;Markov chain;error propagation process;group of pictures;GOP;RTCP;RTP control protocol;inter-frame prediction rules;packet-loss-induced quality degradation;probability;SVC hierarchical B-frame structure;zero delay encoding/decoding structure;advance video coding IPPP structure;AVC IPPP structure;compatible base layer;Packet loss;Static VAr compensators;Video coding;Encoding;Streaming media;Decoding;Error propagation;Markov model;packet-loss-induced quality degradation;scalable video coding (SVC)},
doi={10.1109/TMM.2014.2348947},
ISSN={1941-0077},
month={Dec},}

@article{ARCHIBALD2014284,
title = "A comparative analysis of detection metrics for covert timing channels",
journal = "Computers \& Security",
volume = "45",
pages = "284 - 292",
year = "2014",
issn = "0167-4048",
doi = "https://doi.org/10.1016/j.cose.2014.03.007",
url = "http://www.sciencedirect.com/science/article/pii/S0167404814000467",
author = "Rennie Archibald and Dipak Ghosal",
keywords = "Covert timing channels, Detection, Welch's -test, Corrected conditional entropy, Regularity test, Shape test, Entropy test",
}

@misc{ramdas2015wasserstein,
    title={On Wasserstein Two Sample Testing and Related Families of Nonparametric Tests},
    author={Aaditya Ramdas and Nicolas Garcia and Marco Cuturi},
    year={2015},
    eprint={1509.02237},
    archivePrefix={arXiv},
    primaryClass={math.ST}
}

@article{10.5555/2926296.2926299,
author = {Rizzo, Maria L. and Sz\'{e}kely, G\'{a}bor J.},
title = {Energy Distance},
year = {2016},
issue_date = {January 2016},
publisher = {John Wiley & Sons, Inc.},
address = {USA},
volume = {8},
number = {1},
issn = {1939-5108},
journal = {WIREs Comput. Stat.},
month = jan,
pages = {27–38},
numpages = {12},
keywords = {independence, goodness-of-fit, Multivariate, distance correlation, DISCO}
}

@misc{bellemare2017cramer,
    title={The Cramer Distance as a Solution to Biased Wasserstein Gradients},
    author={Marc G. Bellemare and Ivo Danihelka and Will Dabney and Shakir Mohamed and Balaji Lakshminarayanan and Stephan Hoyer and Rémi Munos},
    year={2017},
    eprint={1705.10743},
    archivePrefix={arXiv},
    primaryClass={cs.LG}
}

@article{10.5555/1047846.1047873,
author = {Fuentes, Felix and Kar, Dulal C.},
title = {Ethereal vs. Tcpdump: A Comparative Study on Packet Sniffing Tools for Educational Purpose},
year = {2005},
issue_date = {April 2005},
publisher = {Consortium for Computing Sciences in Colleges},
address = {Evansville, IN, USA},
volume = {20},
number = {4},
issn = {1937-4771},
journal = {J. Comput. Sci. Coll.},
month = apr,
pages = {169–176},
numpages = {8}
}

@INPROCEEDINGS{816237,
author={M. {Arai} and A. {Chiba} and K. {Iwasaki}},
booktitle={Proceedings 1999 Pacific Rim International Symposium on Dependable Computing},
title={Measurement and modeling of burst packet losses in Internet end-to-end communications},
year={1999},
volume={},
number={},
pages={260-267},
keywords={Internet;losses;packet switching;Markov processes;probability;telecommunication network reliability;burst packet losses;Internet end-to-end communications;packet loss ratio;time dependency;UDP packets;User Datagram Protocol;independent loss model;Markov chain model;sine model;time-dependent packet loss probability;time of day;simulations;Loss measurement;Protocols;Delay;Automatic repeat request;Frequency measurement;Time measurement;Telecommunication traffic;Forward error correction;Web and internet services;Maintenance},
doi={10.1109/PRDC.1999.816237},
ISSN={null},
month={Dec},}

@ARTICLE{6711984,
author={Y. {Jung} and C. {Manzano}},
journal={IET Communications},
title={Burst packet loss and enhanced packet loss-based quality model for mobile voice-over Internet protocol applications},
year={2014},
volume={8},
number={1},
pages={41-49},
keywords={Internet telephony;mobile communication;protocols;smart phones;VoIP quality monitoring platforms;speech quality estimation model;ITU G.1070;VoIP services;quality prediction model;VoIP packet streams;packet loss parameter;input metric;packet loss based quality model;smart phones;quality monitoring platforms;mobile voice-over Internet protocol applications;enhanced packet loss;burst packet loss},
doi={10.1049/iet-com.2011.0701},
ISSN={1751-8636},
month={Jan},}

@INPROCEEDINGS{5977359,
author={J. {Xiao} and T. {Tillo} and C. {Lin}},
booktitle={2011 18th International Conference on Systems, Signals and Image Processing},
title={Is burst loss worse than random loss for video transmission?},
year={2011},
volume={},
number={},
pages={1-4},
keywords={interleaved codes;video coding;video communication;H.264-AVC video coding;slice reorder and packetization;PSNR;interleaving methods;packet loss rate;video quality reconstruction;video transmission;random loss;burst loss;Pixel;Video sequences;Propagation losses;PSNR;Encoding;Bridges;Correlation;Rate Distortion;H.264/AVC;error resilience;slice;burst loss;random loss},
doi={},
ISSN={2157-8672},
month={June},}

@article{doi:10.1080/01621459.1951.10500769,
author = { Frank J.   Massey   Jr. },
title = {The Kolmogorov-Smirnov Test for Goodness of Fit},
journal = {Journal of the American Statistical Association},
volume = {46},
number = {253},
pages = {68-78},
year  = {1951},
publisher = {Taylor & Francis},
doi = {10.1080/01621459.1951.10500769},
}

@article{doi:10.1080/01621459.1967.10482916,
author = { Hubert W.   Lilliefors },
title = {On the Kolmogorov-Smirnov Test for Normality with Mean and Variance Unknown},
journal = {Journal of the American Statistical Association},
volume = {62},
number = {318},
pages = {399-402},
year  = {1967},
publisher = {Taylor & Francis},
doi = {10.1080/01621459.1967.10482916},
}

@article{10.1002/wics.1375,
author = {Rizzo, Maria L. and Sz\'{e}kely, G\'{a}bor J.},
title = {Energy Distance},
year = {2016},
issue_date = {January 2016},
publisher = {John Wiley & Sons, Inc.},
address = {USA},
volume = {8},
number = {1},
issn = {1939-5108},
url = {https://doi.org/10.1002/wics.1375},
doi = {10.1002/wics.1375},
journal = {WIREs Comput. Stat.},
month = jan,
pages = {27–38},
numpages = {12},
keywords = {goodness-of-fit, DISCO, Multivariate, independence, distance correlation}
}

@article{ji2015a,
title={A new security solution to JPEG using hyper-chaotic system and modified zigzag scan coding},
author={Ji, Xiaoyong and Bai, Sen and Guo, Yu and Guo, Hui},
journal={Communications in Nonlinear Science and Numerical Simulation},
volume={22},
number={1},
pages={321--333},
year={2015}}

@article{zaidee2006content,
title={Content Access Control for JPEG Images using CRND Zigzag Scanning and QBP},
author={Zaidee, A A and Fazdliana, S and Adznan, B J},
pages={146--146},
year={2006}}

@article{yang2018adaptive,
title={Adaptive real-time reversible data hiding for JPEG images},
author={Yang, Chingnung and Kim, Cheonshik and Lo, Yenhung},
journal={Journal of Real-time Image Processing},
volume={14},
number={1},
pages={147--157},
year={2018}}

@article{li2019a,
title={A High-Imperceptibility and Histogram-Shifting Data Hiding Scheme for JPEG Images},
author={Li, Yuanzhang and Yao, Shangjun and Yang, Kai and Tan, Yuan and Zhang, Quanxin},
journal={IEEE Access},
volume={7},
pages={73573--73582},
year={2019}}

@ARTICLE{7094273, 
author={L. {Zhang} and L. {Zhang} and A. C. {Bovik}}, 
journal={IEEE Transactions on Image Processing}, 
title={A Feature-Enriched Completely Blind Image Quality Evaluator},
year={2015}, 
volume={24}, 
number={8}, 
pages={2579-2591},}

@article{CoDLaCDAfMI,
author = {Kwan, Chiman and Chou, Bryan and III, James},
year = {2019},
month = {03},
pages = {308},
title = {Comparison of Deep Learning and Conventional Demosaicing Algorithms for Mastcam Images},
volume = {8},
journal = {Electronics},
doi = {10.3390/electronics8030308}
}

@article{10.5120/ijca2017913550,
	author = {Sushilkumar N. Holambe and Ulhas B. Shinde and Priyanka M. Kshirsagar},
	title = {A Brief Review on Blind Image Quality Evaluation Methods},
	journal = {International Journal of Computer Applications},
	issue_date = {April 2017},
	volume = {163},
	number = {6},
	month = {Apr},
	year = {2017},
	issn = {0975-8887},
	pages = {24-28},
	numpages = {5},
	url = {http://www.ijcaonline.org/archives/volume163/number6/27400-2017913550},
	doi = {10.5120/ijca2017913550},
	publisher = {Foundation of Computer Science (FCS), NY, USA},
	address = {New York, USA}
}

@ARTICLE{7347395, 
author={W. {Liu} and G. {Liu} and J. {Zhai} and Y. {Dai} and D. {Ghosal}}, 
journal={IEEE Transactions on Information Forensics and Security}, 
title={Designing Analog Fountain Timing Channels: Undetectability, Robustness, and Model-Adaptation}, 
year={2016}, 
volume={11}, 
number={4}, 
pages={677-690},
}

@InProceedings{10.1007/978-3-642-16435-4_15,
author="Liu, Yali
and Ghosal, Dipak
and Armknecht, Frederik
and Sadeghi, Ahmad-Reza
and Schulz, Steffen
and Katzenbeisser, Stefan",
editor="B{\"o}hme, Rainer
and Fong, Philip W. L.
and Safavi-Naini, Reihaneh",
title="Robust and Undetectable Steganographic Timing Channels for i.i.d. Traffic",
booktitle="Information Hiding",
year="2010",
publisher="Springer Berlin Heidelberg",
address="Berlin, Heidelberg",
pages="193--207"
}

@INPROCEEDINGS{7087183, 
author={D. M. {Dakhane} and P. R. {Deshmukh}}, booktitle={2015 International Conference on Pervasive Computing (ICPC)}, 
title={Active warden for TCP sequence number base covert channel}, 
year={2015}, 
volume={}, 
number={}, 
pages={1-5},
}

@ARTICLE{4655281, 
author={N. F. {Johnson} and S. {Jajodia}}, journal={Computer}, 
title={Exploring steganography: Seeing the unseen}, 
year={1998}, 
volume={31}, 
number={2},
pages={26-34},
}

@INPROCEEDINGS{5579643, 
author={D. D. {Dhobale} and V. R. {Ghorpade} and B. S. {Patil} and S. B. {Patil}}, 
booktitle={2010 3rd International Conference on Advanced Computer Theory and Engineering(ICACTE)}, 
title={Steganography by hiding data in TCP/IP headers}, 
year={2010}, 
volume={4}, 
number={}, 
pages={V4-61-V4-65},
}

@INPROCEEDINGS{7299946,  
author={J. {Kaur} and S. {Wendzel} and M. {Meier}},  
booktitle={2015 10th International Conference on Availability, Reliability and Security},  
title={Countermeasures for Covert Channel-Internal Control Protocols},   
year={2015},  
volume={},  
number={},  
pages={422-428},
}

@INPROCEEDINGS{8447997, 
author={M. A. {Elsadig} and Y. A. {Fadlalla}}, booktitle={2017 9th IEEE-GCC Conference and Exhibition (GCCCE)}, 
title={Network Protocol Covert Channels: Countermeasures Techniques}, 
year={2017}, 
volume={}, 
number={}, 
pages={1-9},
}

@INPROCEEDINGS{7368307,  author={T. S. {Fatayer} and K. A. A. {Timraz}},  booktitle={2015 World Symposium on Computer Networks and Information Security (WSCNIS)},  title={MLSCPC: Multi-level security using covert channel to achieve privacy through cloud computing},   year={2015},  volume={},  number={},  pages={1-6},}

@INPROCEEDINGS{6008721,  author={J. {Wu} and L. {Ding} and Y. {Wang} and W. {Han}},  booktitle={2011 IEEE 4th International Conference on Cloud Computing},  title={Identification and Evaluation of Sharing Memory Covert Timing Channel in Xen Virtual Machines},   year={2011},  volume={},  number={},  pages={283-291},}

@INPROCEEDINGS{6980363,  author={R. {Zhang} and W. {Qi} and J. {Wang}},  booktitle={2014 IEEE 22nd International Conference on Network Protocols},  title={Cross-VM Covert Channel Risk Assessment for Cloud Computing: An Automated Capacity Profiler},   year={2014},  volume={},  number={},  pages={25-36},}

@ARTICLE{6744676,  author={Z. {Wu} and Z. {Xu} and H. {Wang}},  journal={IEEE/ACM Transactions on Networking},  title={Whispers in the Hyper-Space: High-Bandwidth and Reliable Covert Channel Attacks Inside the Cloud},   year={2015},  volume={23},  number={2},  pages={603-615},}

@INPROCEEDINGS{7310718,  author={H. {Rong} and H. {Wang} and J. {Liu} and X. {Zhang} and M. {Xian}},  booktitle={2015 IEEE Fifth International Conference on Big Data and Cloud Computing},  title={WindTalker: An Efficient and Robust Protocol of Cloud Covert Channel Based on Memory Deduplication},   year={2015},  volume={},  number={},  pages={68-75},}

@INPROCEEDINGS{8997733,  author={S. {Zhang} and C. {Wang} and Q. {Wang}},  booktitle={2019 IEEE 4th Advanced Information Technology, Electronic and Automation Control Conference (IAEAC)},  title={Research on Time Concealed Channel Technology of Cloud Computing Platform Based on Shared Memory},   year={2019},  volume={1},  number={},  pages={904-909},}

@INPROCEEDINGS{6832320,  author={M. {Alam} and S. {Sethi} and S. {Sethi}},  booktitle={Confluence 2013: The Next Generation Information Technology Summit (4th International Conference)},  title={Covert channel detection techniques in cloud},   year={2013},  volume={},  number={},  pages={127-132},}

@INPROCEEDINGS{8253984,  author={M. {Zeiser} and J. {Betz} and D. {Westhoff}},  booktitle={GLOBECOM 2017 - 2017 IEEE Global Communications Conference},  title={Cache Covert-Channel Mitigation in Cloud Virtualization with XEN's Credit Scheduler},   year={2017},  volume={},  number={},  pages={1-7},}

@ARTICLE{6878465,  author={R. {Zhang} and X. {Su} and J. {Wang} and C. {Wang} and W. {Liu} and R. W. H. {Lau}},  journal={IEEE Transactions on Parallel and Distributed Systems},  title={On Mitigating the Risk of Cross-VM Covert Channels in a Public Cloud},   year={2015},  volume={26},  number={8},  pages={2327-2339},}

